%YAML 1.1
%TAG !u! tag:unity3d.com,2011:
--- !u!1 &7721102815528837302
GameObject:
  m_ObjectHideFlags: 0
  m_CorrespondingSourceObject: {fileID: 0}
  m_PrefabInstance: {fileID: 0}
  m_PrefabAsset: {fileID: 0}
  serializedVersion: 6
  m_Component:
  - component: {fileID: 7721102815528837303}
  m_Layer: 0
  m_Name: Spawner
  m_TagString: Untagged
  m_Icon: {fileID: 0}
  m_NavMeshLayer: 0
  m_StaticEditorFlags: 0
  m_IsActive: 1
--- !u!4 &7721102815528837303
Transform:
  m_ObjectHideFlags: 0
  m_CorrespondingSourceObject: {fileID: 0}
  m_PrefabInstance: {fileID: 0}
  m_PrefabAsset: {fileID: 0}
  m_GameObject: {fileID: 7721102815528837302}
  m_LocalRotation: {x: 0, y: 0, z: 0, w: 1}
  m_LocalPosition: {x: 0, y: 0, z: 0}
  m_LocalScale: {x: 1, y: 1, z: 1}
  m_Children: []
  m_Father: {fileID: 7721102815681162639}
  m_RootOrder: 0
  m_LocalEulerAnglesHint: {x: 0, y: 0, z: 0}
--- !u!1 &7721102815681162633
GameObject:
  m_ObjectHideFlags: 0
  m_CorrespondingSourceObject: {fileID: 0}
  m_PrefabInstance: {fileID: 0}
  m_PrefabAsset: {fileID: 0}
  serializedVersion: 6
  m_Component:
  - component: {fileID: 7721102815681162639}
  - component: {fileID: 7721102815681162636}
  m_Layer: 0
  m_Name: BassGuitarShot
  m_TagString: Untagged
  m_Icon: {fileID: 0}
  m_NavMeshLayer: 0
  m_StaticEditorFlags: 0
  m_IsActive: 1
--- !u!4 &7721102815681162639
Transform:
  m_ObjectHideFlags: 0
  m_CorrespondingSourceObject: {fileID: 0}
  m_PrefabInstance: {fileID: 0}
  m_PrefabAsset: {fileID: 0}
  m_GameObject: {fileID: 7721102815681162633}
  m_LocalRotation: {x: 0, y: 0, z: 0, w: 1}
  m_LocalPosition: {x: 0, y: 0, z: 0}
  m_LocalScale: {x: 1, y: 1, z: 1}
  m_Children:
  - {fileID: 7721102815528837303}
  - {fileID: 3361371869136625574}
  m_Father: {fileID: 0}
  m_RootOrder: 0
  m_LocalEulerAnglesHint: {x: 0, y: 0, z: 0}
--- !u!114 &7721102815681162636
MonoBehaviour:
  m_ObjectHideFlags: 0
  m_CorrespondingSourceObject: {fileID: 0}
  m_PrefabInstance: {fileID: 0}
  m_PrefabAsset: {fileID: 0}
  m_GameObject: {fileID: 7721102815681162633}
  m_Enabled: 1
  m_EditorHideFlags: 0
  m_Script: {fileID: 11500000, guid: 8b657298417398444a9a5aee9a61ab30, type: 3}
  m_Name: 
  m_EditorClassIdentifier: 
  Spawner: {fileID: 7721102815528837303}
  PSystem: {fileID: 317396630710116264}
--- !u!1001 &2542902663497588628
PrefabInstance:
  m_ObjectHideFlags: 0
  serializedVersion: 2
  m_Modification:
    m_TransformParent: {fileID: 7721102815681162639}
    m_Modifications:
    - target: {fileID: 40470062477617155, guid: 89dc3384d90208d4a9e5873a66f2e449,
        type: 3}
      propertyPath: randomSeed
      value: 507741721
      objectReference: {fileID: 0}
    - target: {fileID: 40470062477617155, guid: 89dc3384d90208d4a9e5873a66f2e449,
        type: 3}
      propertyPath: ShapeModule.m_Rotation.z
      value: 220
      objectReference: {fileID: 0}
    - target: {fileID: 1004242897635770418, guid: 89dc3384d90208d4a9e5873a66f2e449,
        type: 3}
      propertyPath: m_LocalPosition.x
      value: 0
      objectReference: {fileID: 0}
    - target: {fileID: 1004242897635770418, guid: 89dc3384d90208d4a9e5873a66f2e449,
        type: 3}
      propertyPath: m_LocalPosition.y
      value: 0
      objectReference: {fileID: 0}
    - target: {fileID: 1004242897635770418, guid: 89dc3384d90208d4a9e5873a66f2e449,
        type: 3}
      propertyPath: m_LocalPosition.z
      value: 0
      objectReference: {fileID: 0}
    - target: {fileID: 1004242897635770418, guid: 89dc3384d90208d4a9e5873a66f2e449,
        type: 3}
      propertyPath: m_LocalRotation.x
      value: 0
      objectReference: {fileID: 0}
    - target: {fileID: 1004242897635770418, guid: 89dc3384d90208d4a9e5873a66f2e449,
        type: 3}
      propertyPath: m_LocalRotation.y
      value: 0
      objectReference: {fileID: 0}
    - target: {fileID: 1004242897635770418, guid: 89dc3384d90208d4a9e5873a66f2e449,
        type: 3}
      propertyPath: m_LocalRotation.z
      value: 0
      objectReference: {fileID: 0}
    - target: {fileID: 1004242897635770418, guid: 89dc3384d90208d4a9e5873a66f2e449,
        type: 3}
      propertyPath: m_LocalRotation.w
      value: 1
      objectReference: {fileID: 0}
    - target: {fileID: 1004242897635770418, guid: 89dc3384d90208d4a9e5873a66f2e449,
        type: 3}
      propertyPath: m_RootOrder
      value: 1
      objectReference: {fileID: 0}
    - target: {fileID: 1004242897635770418, guid: 89dc3384d90208d4a9e5873a66f2e449,
        type: 3}
      propertyPath: m_LocalEulerAnglesHint.x
      value: 0
      objectReference: {fileID: 0}
    - target: {fileID: 1004242897635770418, guid: 89dc3384d90208d4a9e5873a66f2e449,
        type: 3}
      propertyPath: m_LocalEulerAnglesHint.y
      value: 0
      objectReference: {fileID: 0}
    - target: {fileID: 1004242897635770418, guid: 89dc3384d90208d4a9e5873a66f2e449,
        type: 3}
      propertyPath: m_LocalEulerAnglesHint.z
      value: 0
      objectReference: {fileID: 0}
    - target: {fileID: 3972066039115298786, guid: 89dc3384d90208d4a9e5873a66f2e449,
        type: 3}
      propertyPath: randomSeed
      value: 507741721
      objectReference: {fileID: 0}
    - target: {fileID: 3972066039115298786, guid: 89dc3384d90208d4a9e5873a66f2e449,
        type: 3}
      propertyPath: ShapeModule.m_Rotation.z
      value: 220
      objectReference: {fileID: 0}
    - target: {fileID: 6790170056386500294, guid: 89dc3384d90208d4a9e5873a66f2e449,
        type: 3}
      propertyPath: m_Name
      value: Bass Guitar
      objectReference: {fileID: 0}
    - target: {fileID: 6803957530306872568, guid: 89dc3384d90208d4a9e5873a66f2e449,
        type: 3}
      propertyPath: randomSeed
      value: 507741721
      objectReference: {fileID: 0}
    - target: {fileID: 6803957530306872568, guid: 89dc3384d90208d4a9e5873a66f2e449,
        type: 3}
      propertyPath: ShapeModule.m_Rotation.z
      value: 220
      objectReference: {fileID: 0}
    - target: {fileID: 7714769984228340808, guid: 89dc3384d90208d4a9e5873a66f2e449,
        type: 3}
      propertyPath: randomSeed
      value: 507741721
      objectReference: {fileID: 0}
    - target: {fileID: 7714769984228340808, guid: 89dc3384d90208d4a9e5873a66f2e449,
        type: 3}
      propertyPath: ShapeModule.m_Rotation.z
      value: 220
      objectReference: {fileID: 0}
    - target: {fileID: 7939420370459154762, guid: 89dc3384d90208d4a9e5873a66f2e449,
        type: 3}
      propertyPath: randomSeed
      value: 507741721
      objectReference: {fileID: 0}
    - target: {fileID: 7939420370459154762, guid: 89dc3384d90208d4a9e5873a66f2e449,
        type: 3}
      propertyPath: ShapeModule.m_Rotation.z
      value: 220
      objectReference: {fileID: 0}
    - target: {fileID: 8020859604638457545, guid: 89dc3384d90208d4a9e5873a66f2e449,
        type: 3}
      propertyPath: randomSeed
      value: 507741721
      objectReference: {fileID: 0}
    - target: {fileID: 8020859604638457545, guid: 89dc3384d90208d4a9e5873a66f2e449,
        type: 3}
      propertyPath: ShapeModule.m_Rotation.z
      value: 220
      objectReference: {fileID: 0}
    - target: {fileID: 8544616617768222275, guid: 89dc3384d90208d4a9e5873a66f2e449,
        type: 3}
      propertyPath: randomSeed
      value: 507741721
      objectReference: {fileID: 0}
    - target: {fileID: 8544616617768222275, guid: 89dc3384d90208d4a9e5873a66f2e449,
        type: 3}
      propertyPath: ShapeModule.m_Rotation.z
      value: 220
      objectReference: {fileID: 0}
    m_RemovedComponents: []
  m_SourcePrefab: {fileID: 100100000, guid: 89dc3384d90208d4a9e5873a66f2e449, type: 3}
--- !u!4 &3361371869136625574 stripped
Transform:
  m_CorrespondingSourceObject: {fileID: 1004242897635770418, guid: 89dc3384d90208d4a9e5873a66f2e449,
    type: 3}
  m_PrefabInstance: {fileID: 2542902663497588628}
  m_PrefabAsset: {fileID: 0}
--- !u!114 &317396630710116264 stripped
MonoBehaviour:
  m_CorrespondingSourceObject: {fileID: 2823100498700845116, guid: 89dc3384d90208d4a9e5873a66f2e449,
    type: 3}
  m_PrefabInstance: {fileID: 2542902663497588628}
  m_PrefabAsset: {fileID: 0}
  m_GameObject: {fileID: 0}
  m_Enabled: 1
  m_EditorHideFlags: 0
  m_Script: {fileID: 11500000, guid: 02133d9760d9c1c44873ee2a6b2ff23c, type: 3}
  m_Name: 
  m_EditorClassIdentifier: 
