%YAML 1.1
%TAG !u! tag:unity3d.com,2011:
--- !u!1 &4723232757353484485
GameObject:
  m_ObjectHideFlags: 0
  m_CorrespondingSourceObject: {fileID: 0}
  m_PrefabInstance: {fileID: 0}
  m_PrefabAsset: {fileID: 0}
  serializedVersion: 6
  m_Component:
  - component: {fileID: 4723232757353484487}
  - component: {fileID: 4723232757353484486}
  m_Layer: 0
  m_Name: Camera Rig
  m_TagString: Untagged
  m_Icon: {fileID: 0}
  m_NavMeshLayer: 0
  m_StaticEditorFlags: 0
  m_IsActive: 1
--- !u!4 &4723232757353484487
Transform:
  m_ObjectHideFlags: 0
  m_CorrespondingSourceObject: {fileID: 0}
  m_PrefabInstance: {fileID: 0}
  m_PrefabAsset: {fileID: 0}
  m_GameObject: {fileID: 4723232757353484485}
  m_LocalRotation: {x: 0, y: 0, z: 0, w: 1}
  m_LocalPosition: {x: 0, y: 0, z: -10}
  m_LocalScale: {x: 1, y: 1, z: 1}
  m_Children:
  - {fileID: 4723232757825294283}
  m_Father: {fileID: 0}
  m_RootOrder: 0
  m_LocalEulerAnglesHint: {x: 0, y: 0, z: 0}
--- !u!114 &4723232757353484486
MonoBehaviour:
  m_ObjectHideFlags: 0
  m_CorrespondingSourceObject: {fileID: 0}
  m_PrefabInstance: {fileID: 0}
  m_PrefabAsset: {fileID: 0}
  m_GameObject: {fileID: 4723232757353484485}
  m_Enabled: 1
  m_EditorHideFlags: 0
  m_Script: {fileID: 11500000, guid: 01e491d609c57a147a6e20987e2b1510, type: 3}
  m_Name: 
  m_EditorClassIdentifier: 
  Camera: {fileID: 4723232757825294282}
  ShakeTranslator: {fileID: 4723232758809803427}
  ShakeRotator: {fileID: 4723232758809803426}
  ShakeTranslateMax: 1.25
  ShakeRotateMax: 3
  ShakeDecayRate: 13.5
  ShakePerlinSpeed: 12
  Music: {fileID: 4723232758085291344}
  TestShakeAmount: 1
  MusicFadeRate: 9
--- !u!114 &4723232758809803426
MonoBehaviour:
  m_ObjectHideFlags: 0
  m_CorrespondingSourceObject: {fileID: 0}
  m_PrefabInstance: {fileID: 0}
  m_PrefabAsset: {fileID: 0}
  m_GameObject: {fileID: 4723232757825294280}
  m_Enabled: 1
  m_EditorHideFlags: 0
  m_Script: {fileID: 11500000, guid: a02ec95a73a43410b96467f4a8553f66, type: 3}
  m_Name: 
  m_EditorClassIdentifier: 
--- !u!114 &4723232758809803427
MonoBehaviour:
  m_ObjectHideFlags: 0
  m_CorrespondingSourceObject: {fileID: 0}
  m_PrefabInstance: {fileID: 0}
  m_PrefabAsset: {fileID: 0}
  m_GameObject: {fileID: 4723232757825294280}
  m_Enabled: 1
  m_EditorHideFlags: 0
  m_Script: {fileID: 11500000, guid: f051f832314014678a46a4f40a9ae12c, type: 3}
  m_Name: 
  m_EditorClassIdentifier: 
--- !u!1 &8024457485296737151
GameObject:
  m_ObjectHideFlags: 0
  m_CorrespondingSourceObject: {fileID: 0}
  m_PrefabInstance: {fileID: 0}
  m_PrefabAsset: {fileID: 0}
  serializedVersion: 6
  m_Component:
  - component: {fileID: 9108051737371814618}
  - component: {fileID: 8860451178908865701}
  m_Layer: 0
  m_Name: SoundManager
  m_TagString: Untagged
  m_Icon: {fileID: 0}
  m_NavMeshLayer: 0
  m_StaticEditorFlags: 0
  m_IsActive: 1
--- !u!4 &9108051737371814618
Transform:
  m_ObjectHideFlags: 0
  m_CorrespondingSourceObject: {fileID: 0}
  m_PrefabInstance: {fileID: 0}
  m_PrefabAsset: {fileID: 0}
  m_GameObject: {fileID: 8024457485296737151}
  m_LocalRotation: {x: -0, y: -0, z: -0, w: 1}
  m_LocalPosition: {x: 0, y: 0, z: 0}
  m_LocalScale: {x: 1, y: 1, z: 1}
  m_Children: []
  m_Father: {fileID: 4723232757825294283}
  m_RootOrder: 1
  m_LocalEulerAnglesHint: {x: 0, y: 0, z: 0}
--- !u!114 &8860451178908865701
MonoBehaviour:
  m_ObjectHideFlags: 0
  m_CorrespondingSourceObject: {fileID: 0}
  m_PrefabInstance: {fileID: 0}
  m_PrefabAsset: {fileID: 0}
  m_GameObject: {fileID: 8024457485296737151}
  m_Enabled: 1
  m_EditorHideFlags: 0
  m_Script: {fileID: 11500000, guid: abb1914c98726b74ca28b20c06591191, type: 3}
  m_Name: 
  m_EditorClassIdentifier: 
--- !u!1001 &8733243516687801277
PrefabInstance:
  m_ObjectHideFlags: 0
  serializedVersion: 2
  m_Modification:
    m_TransformParent: {fileID: 4723232757353484487}
    m_Modifications:
    - target: {fileID: 4088984366955533429, guid: 0030fafdce342ec489e9bcf5f98c6e65,
        type: 3}
      propertyPath: m_Name
      value: Main Camera
      objectReference: {fileID: 0}
    - target: {fileID: 4088984366955533430, guid: 0030fafdce342ec489e9bcf5f98c6e65,
        type: 3}
      propertyPath: m_LocalPosition.x
      value: 0
      objectReference: {fileID: 0}
    - target: {fileID: 4088984366955533430, guid: 0030fafdce342ec489e9bcf5f98c6e65,
        type: 3}
      propertyPath: m_LocalPosition.y
      value: 0
      objectReference: {fileID: 0}
    - target: {fileID: 4088984366955533430, guid: 0030fafdce342ec489e9bcf5f98c6e65,
        type: 3}
      propertyPath: m_LocalPosition.z
      value: 0
      objectReference: {fileID: 0}
    - target: {fileID: 4088984366955533430, guid: 0030fafdce342ec489e9bcf5f98c6e65,
        type: 3}
      propertyPath: m_LocalRotation.x
      value: -0
      objectReference: {fileID: 0}
    - target: {fileID: 4088984366955533430, guid: 0030fafdce342ec489e9bcf5f98c6e65,
        type: 3}
      propertyPath: m_LocalRotation.y
      value: -0
      objectReference: {fileID: 0}
    - target: {fileID: 4088984366955533430, guid: 0030fafdce342ec489e9bcf5f98c6e65,
        type: 3}
      propertyPath: m_LocalRotation.z
      value: -0
      objectReference: {fileID: 0}
    - target: {fileID: 4088984366955533430, guid: 0030fafdce342ec489e9bcf5f98c6e65,
        type: 3}
      propertyPath: m_LocalRotation.w
      value: 1
      objectReference: {fileID: 0}
    - target: {fileID: 4088984366955533430, guid: 0030fafdce342ec489e9bcf5f98c6e65,
        type: 3}
      propertyPath: m_RootOrder
      value: 0
      objectReference: {fileID: 0}
    - target: {fileID: 4088984366955533430, guid: 0030fafdce342ec489e9bcf5f98c6e65,
        type: 3}
      propertyPath: m_LocalEulerAnglesHint.x
      value: 0
      objectReference: {fileID: 0}
    - target: {fileID: 4088984366955533430, guid: 0030fafdce342ec489e9bcf5f98c6e65,
        type: 3}
      propertyPath: m_LocalEulerAnglesHint.y
      value: 0
      objectReference: {fileID: 0}
    - target: {fileID: 4088984366955533430, guid: 0030fafdce342ec489e9bcf5f98c6e65,
        type: 3}
      propertyPath: m_LocalEulerAnglesHint.z
      value: 0
      objectReference: {fileID: 0}
    - target: {fileID: 4088984367215498989, guid: 0030fafdce342ec489e9bcf5f98c6e65,
        type: 3}
      propertyPath: m_PlayOnAwake
      value: 0
      objectReference: {fileID: 0}
    m_RemovedComponents: []
  m_SourcePrefab: {fileID: 100100000, guid: 0030fafdce342ec489e9bcf5f98c6e65, type: 3}
--- !u!1 &4723232757825294280 stripped
GameObject:
  m_CorrespondingSourceObject: {fileID: 4088984366955533429, guid: 0030fafdce342ec489e9bcf5f98c6e65,
    type: 3}
  m_PrefabInstance: {fileID: 8733243516687801277}
  m_PrefabAsset: {fileID: 0}
--- !u!4 &4723232757825294283 stripped
Transform:
  m_CorrespondingSourceObject: {fileID: 4088984366955533430, guid: 0030fafdce342ec489e9bcf5f98c6e65,
    type: 3}
  m_PrefabInstance: {fileID: 8733243516687801277}
  m_PrefabAsset: {fileID: 0}
--- !u!20 &4723232757825294282 stripped
Camera:
  m_CorrespondingSourceObject: {fileID: 4088984366955533431, guid: 0030fafdce342ec489e9bcf5f98c6e65,
    type: 3}
  m_PrefabInstance: {fileID: 8733243516687801277}
  m_PrefabAsset: {fileID: 0}
--- !u!82 &4723232758085291344 stripped
AudioSource:
  m_CorrespondingSourceObject: {fileID: 4088984367215498989, guid: 0030fafdce342ec489e9bcf5f98c6e65,
    type: 3}
  m_PrefabInstance: {fileID: 8733243516687801277}
  m_PrefabAsset: {fileID: 0}
